<record><leader>00000cas a22000007a 4500</leader><controlfield tag="001">26737285</controlfield><controlfield tag="008">921007d1992199uriumn ne      0   a0eng c</controlfield><datafield ind1=" " ind2=" " tag="010"><subfield code="a">sn 92005398 </subfield></datafield><datafield ind1=" " ind2=" " tag="040"><subfield code="a">NSD</subfield><subfield code="b">eng</subfield><subfield code="c">NSD</subfield><subfield code="d">RHN</subfield><subfield code="d">NSD</subfield><subfield code="d">OCLCQ</subfield><subfield code="d">OCLCF</subfield><subfield code="d">OCLCO</subfield></datafield><datafield ind1=" " ind2=" " tag="012"><subfield code="m">d</subfield></datafield><datafield ind1="1" ind2=" " tag="022"><subfield code="a">1065-7924</subfield><subfield code="l">1065-7924</subfield><subfield code="2">1</subfield></datafield><datafield ind1="1" ind2=" " tag="029"><subfield code="a">AU@</subfield><subfield code="b">000020730814</subfield></datafield><datafield ind1=" " ind2=" " tag="037"><subfield code="b">Jewish Federation of Rhode Island, 130 Session St., Providence, RI 02906-3497</subfield></datafield><datafield ind1=" " ind2=" " tag="042"><subfield code="a">nsdp</subfield><subfield code="a">pcc</subfield></datafield><datafield ind1="0" ind2=" " tag="130"><subfield code="a">Jewish voice (Providence, R.I.)</subfield></datafield><datafield ind1=" " ind2="4" tag="222"><subfield code="a">The Jewish voice</subfield><subfield code="b">(Providence, R.I.)</subfield></datafield><datafield ind1="0" ind2="4" tag="245"><subfield code="a">The Jewish voice /</subfield><subfield code="c">Jewish Federation of Rhode Island.</subfield></datafield><datafield ind1=" " ind2=" " tag="260"><subfield code="a">Providence, R.I. :</subfield><subfield code="b">The Federation</subfield></datafield><datafield ind1=" " ind2=" " tag="300"><subfield code="a">v.</subfield></datafield><datafield ind1=" " ind2=" " tag="310"><subfield code="a">Monthly (except Aug.)</subfield></datafield><datafield ind1="0" ind2=" " tag="362"><subfield code="a">Sept. 1992-</subfield></datafield><datafield ind1=" " ind2="0" tag="650"><subfield code="a">Jewish newspapers</subfield><subfield code="z">Rhode Island.</subfield></datafield><datafield ind1=" " ind2="4" tag="651"><subfield code="a">Providence (R.I.)</subfield><subfield code="v">Newspapers.</subfield></datafield><datafield ind1=" " ind2="7" tag="650"><subfield code="a">Jewish newspapers.</subfield><subfield code="2">fast</subfield><subfield code="0">(OCoLC)fst00982872</subfield></datafield><datafield ind1=" " ind2="7" tag="651"><subfield code="a">Rhode Island.</subfield><subfield code="2">fast</subfield><subfield code="0">(OCoLC)fst01204599</subfield></datafield><datafield ind1="2" ind2=" " tag="710"><subfield code="a">Jewish Federation of Rhode Island.</subfield></datafield><datafield ind1=" " ind2=" " tag="752"><subfield code="a">United States</subfield><subfield code="b">Rhode Island</subfield><subfield code="c">Providence</subfield><subfield code="d">Providence.</subfield></datafield><datafield ind1="0" ind2="0" tag="780"><subfield code="t">Federation voice</subfield><subfield code="w">(DLC)sn 92063971</subfield></datafield><datafield ind1="0" ind2="0" tag="785"><subfield code="t">Jewish voice of Rhode Island</subfield><subfield code="x">1078-7232</subfield><subfield code="w">(DLC)sn 9400997</subfield></datafield></record>